@book{Luke2013Metaheuristics,
  title        = {Essentials of Metaheuristics},
  author       = {Sean Luke},
  year         = 2013,
  publisher    = {Lulu},
  address      = {[S.l.]},
  isbn         = {978-1-300-54962-8},
  url          = {https://cs.gmu.edu/~sean/book/metaheuristics/},
  note         = {Available for free at http://cs.gmu.edu/$\sim$sean/book/metaheuristics/},
  edition      = {second},
  pagetotal    = 239,
  ppn_gvk      = 1608040216,
  subtitle     = {A set of undergraduate lecture notes; Online Version 2.0}
}
@article{Rajwar_2023,
  title        = {An exhaustive review of the metaheuristic algorithms for search and optimization: taxonomy, applications, and open challenges},
  author       = {Rajwar, Kanchan and Deep, Kusum and Das, Swagatam},
  year         = 2023,
  month        = apr,
  journal      = {Artificial Intelligence Review},
  publisher    = {Springer Science and Business Media LLC},
  volume       = 56,
  number       = 11,
  pages        = {13187--13257},
  doi          = {https://doi.org/10.1007/s10462-023-10470-y},
  issn         = {1573-7462},
  url          = {https://link.springer.com/article/10.1007/s10462-023-10470-y}
}
@article{Ma_wu_suganthan_song_luo_2023,
  title        = {Performance assessment and exhaustive listing of 500+ nature-inspired metaheuristic algorithms},
  author       = {Ma, Zhongqiang and Wu, Guohua and Suganthan, Ponnuthurai Nagaratnam and Song, Aijuan and Luo, Qizhang},
  year         = 2023,
  month        = mar,
  journal      = {Swarm and Evolutionary Computation},
  publisher    = {Elsevier BV},
  volume       = 77,
  pages        = 101248,
  doi          = {https://doi.org/10.1016/j.swevo.2023.101248},
  issn         = {2210-6502},
  url          = {https://www.sciencedirect.com/science/article/pii/S2210650223000226?via=ihub}
}
@article{Kennedy_1995,
  title        = {Particle swarm optimization},
  author       = {Kennedy, J. and Eberhart, R.},
  year         = 1995,
  booktitle    = {Proceedings of ICNN’95 - International Conference on Neural Networks},
  publisher    = {IEEE},
  series       = {ICNN-95},
  doi          = {https://doi.org/10.1109/ICNN.1995.488968},
  collection   = {ICNN-95}
}
@article{Mitchell_1998,
  title        = {An Introduction to Genetic Algorithms},
  author       = {Mitchell, Melanie},
  year         = 1998,
  publisher    = {The MIT Press},
  doi          = {https://doi.org/10.7551/mitpress/3927.001.0001},
  isbn         = 9780262280013
}
@article{Kirkpatrick_1983,
  title        = {Optimization by Simulated Annealing},
  author       = {Kirkpatrick, S. and Gelatt, C. D. and Vecchi, M. P.},
  year         = 1983,
  month        = may,
  journal      = {Science},
  publisher    = {American Association for the Advancement of Science (AAAS)},
  volume       = 220,
  number       = 4598,
  pages        = {671--680},
  doi          = {https://doi.org/10.1126/science.220.4598.671},
  issn         = {1095-9203}
}
@inproceedings{Price2004DifferentialE,
  title        = {Differential Evolution - A simple and efficient adaptive scheme for global optimization over continuous spaces},
  author       = {Kenneth Price and Rainer Storn},
  year         = 1995,
  url          = {https://api.semanticscholar.org/CorpusID:226731}
}
@inproceedings{pro_1999,
  title        = {1999 Congress on Evolutionary Computation CEC'99 [front matter]},
  year         = 1999,
  booktitle    = {Proceedings of the 1999 Congress on Evolutionary Computation-CEC99 (Cat. No. 99TH8406)},
  volume       = 3,
  pages        = {0\_1-xxxvii},
  doi          = {10.1109/CEC.1999.785465}
}
@article{hansen2021coco,
  title        = {{COCO}: A Platform for Comparing Continuous Optimizers in a Black-Box Setting},
  author       = {Hansen, N. and Auger, A. and Ros, R. and Mersmann, O. and Tu{\v s}ar, T. and Brockhoff, D.},
  year         = 2021,
  journal      = {Optimization Methods and Software},
  volume       = 36,
  pages        = {114--144},
  doi          = {https://doi.org/10.1080/10556788.2020.1808977},
  url          = {https://www.tandfonline.com/eprint/DQPF7YXFJVMTQBH8NKR8/pdf?target=10.1080/10556788.2020.1808977},
  issue        = 1
}
@article{_kvorc_2020,
  title        = {Understanding the problem space in single-objective numerical optimization using exploratory landscape analysis},
  author       = {Škvorc, Urban and Eftimov, Tome and Korošec, Peter},
  year         = 2020,
  month        = may,
  journal      = {Applied Soft Computing},
  publisher    = {Elsevier BV},
  volume       = 90,
  pages        = 106138,
  doi          = {https://doi.org/10.1016/j.asoc.2020.106138},
  issn         = {1568-4946},
  url          = {https://www.sciencedirect.com/science/article/pii/S1568494620300788}
}
@article{Van_Thieu_2024,
  title        = {Opfunu: An Open-source Python Library for Optimization Benchmark Functions},
  author       = {Van Thieu, Nguyen},
  year         = 2024,
  journal      = {Journal of Open Research Software},
  publisher    = {Ubiquity Press, Ltd.},
  volume       = 12,
  doi          = {https://doi.org/10.5334/jors.508},
  issn         = {2049-9647},
  url          = {https://openresearchsoftware.metajnl.com/articles/10.5334/jors.508}
}
@article{Bliek_2023,
  title        = {Benchmarking surrogate-based optimisation algorithms on expensive black-box functions},
  author       = {Bliek, Laurens and Guijt, Arthur and Karlsson, Rickard and Verwer, Sicco and de Weerdt, Mathijs},
  year         = 2023,
  month        = nov,
  journal      = {Applied Soft Computing},
  publisher    = {Elsevier BV},
  volume       = 147,
  pages        = 110744,
  doi          = {https://doi.org/10.1016/j.asoc.2023.110744},
  issn         = {1568-4946}
}
@article{ma_zeyan_guo_chen_jiacheng_zhenrui_peng_gong_ma_cao_2023,
  title        = {MetaBox: A Benchmark Platform for Meta-Black-Box Optimization with Reinforcement Learning},
  author       = {Ma, Zeyuan and Guo, Hongshu and Chen, Jiacheng and Li, Zhenrui and Peng, Guojun and Gong, Yue-Jiao and Ma, Yining and Cao, Zhiguang},
  year         = 2023,
  publisher    = {arXiv},
  doi          = {https://doi.org/10.48550/arXiv.2310.08252},
  url          = {https://arxiv.org/abs/2310.08252},
  copyright    = {arXiv.org perpetual, non-exclusive license},
  keywords     = {Machine Learning (cs.LG), Artificial Intelligence (cs.AI), Neural and Evolutionary Computing (cs.NE), FOS: Computer and information sciences, FOS: Computer and information sciences}
}
@article{van_Rijn_2020,
  title        = {MF2: A Collection of Multi-Fidelity Benchmark Functions in Python},
  author       = {van Rijn, Sander and Schmitt, Sebastian},
  year         = 2020,
  month        = aug,
  journal      = {Journal of Open Source Software},
  publisher    = {The Open Journal},
  volume       = 5,
  number       = 52,
  pages        = 2049,
  doi          = {https://doi.org/10.21105/joss.02049},
  issn         = {2475-9066},
  url          = {https://joss.theoj.org/papers/10.21105/joss.02049}
}
@article{al-dujaili_2016,
  title        = {BMOBench: Black-Box Multi-Objective Optimization Benchmarking Platform},
  author       = {Al-Dujaili, Abdullah and Suresh, S.},
  year         = 2016,
  publisher    = {arXiv},
  doi          = {https://doi.org/10.48550/arXiv.1605.07009},
  url          = {https://arxiv.org/abs/1605.07009},
  copyright    = {arXiv.org perpetual, non-exclusive license},
  keywords     = {Optimization and Control (math.OC), Neural and Evolutionary Computing (cs.NE), FOS: Mathematics, FOS: Mathematics, FOS: Computer and information sciences, FOS: Computer and information sciences}
}
@misc{numbboWhatCOCO,
	title        = {What is COCO? --- numbbo.github.io},
	author       = {},
	year         = {},
	howpublished = {\url{https://numbbo.github.io/coco/shortintro}}
}
@misc{arora_2020,
	title        = {Which Operating System do you use for research?},
	author       = {Chakit Arora},
	year         = {},
	note         = {[Accessed 23-05-2025]},
	howpublished = {\url{https://www.researchgate.net/post/Which_Operating_System_do_you_use_for_research}}
}
@misc{stackoverflow,
	title        = {Stack Overflow Developer Survey 2023 --- survey.stackoverflow.co},
	author       = {stackoverflow},
	year         = {},
	howpublished = {\url{https://survey.stackoverflow.co/2023/#section-most-popular-technologies-operating-system}}
}
@Article{Wang_2015,
  author    = {Wang, Gai-Ge and Deb, Suash and Coelho, Leandro dos S.},
  title     = {Elephant Herding Optimization},
  year      = {2015},
  month     = dec,
  pages     = {1--5},
  booktitle = {2015 3rd International Symposium on Computational and Business Intelligence (ISCBI)},
  doi       = {https://doi.org/10.1109/ISCBI.2015.8},
  publisher = {IEEE},
}
@Article{Suyanto_2022,
  author    = {Suyanto, Suyanto and Ariyanto, Alifya Aisyah and Ariyanto, Alifya Fatimah},
  journal   = {Applied Soft Computing},
  title     = {Komodo Mlipir Algorithm},
  year      = {2022},
  issn      = {1568-4946},
  month     = jan,
  pages     = {108043},
  volume    = {114},
  doi       = {https://doi.org/10.1016/j.asoc.2021.108043},
  publisher = {Elsevier BV},
}
@Article{Katsuura:1991:CND,
  author =       "Hidefumi Katsuura",
  title =        "Continuous nowhere-differentiable functions --- an
                 application of contraction mappings",
  journal =      j-AMER-MATH-MONTHLY,
  volume =       "98",
  number =       "5",
  pages =        "411--416",
  month =        may,
  year =         "1991",
  CODEN =        "AMMYAE",
  ISSN =         "0002-9890 (print), 1930-0972 (electronic)",
  ISSN-L =       "0002-9890",
  MRclass =      "26A27",
  MRnumber =     "92c:26005",
  MRreviewer =   "James Foran",
  bibdate =      "Wed Dec 3 17:17:33 MST 1997",
  bibsource =    "http://www.jstor.org/journals/00029890.htm;
                 https://www.math.utah.edu/pub/tex/bib/amermathmonthly1990.bib",
  acknowledgement = ack-nhfb,
  fjournal =     "American Mathematical Monthly",
  journal-URL =  "https://www.jstor.org/journals/00029890.htm",
}
@Article{Rosenbrock:1960:AMF,
  author =       "H. H. Rosenbrock",
  title =        "An automatic method for finding the greatest or least
                 value of a function",
  journal =      j-COMP-J,
  volume =       "3",
  number =       "3",
  pages =        "175--184",
  month =        oct,
  year =         "1960",
  CODEN =        "CMPJA6",
  ISSN =         "0010-4620 (print), 1460-2067 (electronic)",
  ISSN-L =       "0010-4620",
  bibdate =      "Fri Sep 29 08:55:22 MDT 2000",
  bibsource =    "http://www.math.utah.edu/pub/tex/bib/compj.bib;
                 http://www3.oup.co.uk/computer_journal/hdb/Volume_03/Issue_03/",
  URL =          "http://www3.oup.co.uk/computer_journal/hdb/Volume_03/Issue_03/030175.sgm.abs.html;
                 http://www3.oup.co.uk/computer_journal/hdb/Volume_03/Issue_03/tiff/175.tif;
                 http://www3.oup.co.uk/computer_journal/hdb/Volume_03/Issue_03/tiff/176.tif;
                 http://www3.oup.co.uk/computer_journal/hdb/Volume_03/Issue_03/tiff/177.tif;
                 http://www3.oup.co.uk/computer_journal/hdb/Volume_03/Issue_03/tiff/178.tif;
                 http://www3.oup.co.uk/computer_journal/hdb/Volume_03/Issue_03/tiff/179.tif;
                 http://www3.oup.co.uk/computer_journal/hdb/Volume_03/Issue_03/tiff/180.tif;
                 http://www3.oup.co.uk/computer_journal/hdb/Volume_03/Issue_03/tiff/181.tif;
                 http://www3.oup.co.uk/computer_journal/hdb/Volume_03/Issue_03/tiff/182.tif;
                 http://www3.oup.co.uk/computer_journal/hdb/Volume_03/Issue_03/tiff/183.tif;
                 http://www3.oup.co.uk/computer_journal/hdb/Volume_03/Issue_03/tiff/184.tif",
  acknowledgement = ack-nhfb,
}
@Book{Schwefel1981,
  author    = {Schwefel, Hans-Paul},
  publisher = {Wiley},
  title     = {Numerical optimization of computer models},
  year      = {1981},
  address   = {Chichester [u.a.]},
  isbn      = {978-0-471-09988-8},
  note      = {Translation of Numerische Optimierung von Computer-Modellen mittels der Evolutionsstrategie - Bibliography: p. 248-290 - Includes index},
  pagetotal = {389},
  ppn_gvk   = {01489498X},
}